<?xml version = "1.0" encoding = "UTF-8"?><record>
  <leader>00856nam#a2200265#c#4500</leader>
  <controlfield tag="005">20210407202655.0</controlfield>
  <controlfield tag="007">tu</controlfield>
  <controlfield tag="008">990316|1968####gw############|||#|#ger#c</controlfield>
  <controlfield tag="003">DE-605</controlfield>
  <controlfield tag="001">990041543750206441</controlfield>
  <datafield tag="016" ind1="7" ind2=" ">
    <subfield code="a">1072874632</subfield>
    <subfield code="2">OCoLC</subfield>
  </datafield>
  <datafield tag="035" ind1=" " ind2=" ">
    <subfield code="a">(DE-605)HT009993506</subfield>
  </datafield>
  <datafield tag="040" ind1=" " ind2=" ">
    <subfield code="a">HBZ/Off</subfield>
    <subfield code="b">ger</subfield>
    <subfield code="d">Sol 1</subfield>
    <subfield code="e">rakwb</subfield>
  </datafield>
  <datafield tag="041" ind1=" " ind2=" ">
    <subfield code="a">ger</subfield>
  </datafield>
  <datafield tag="044" ind1=" " ind2=" ">
    <subfield code="c">XA-DE</subfield>
  </datafield>
  <datafield tag="245" ind1="0" ind2="0">
    <subfield code="a">500 Jahre Bruderschaften Reusrath</subfield>
    <subfield code="c">hrsg. vom Vorstand der St. Sebastianus-Sch&#252;tzenbruderschaft Reusrath. [den heimatkundlichen Teil verfa&#223;te Fritz Hinrichs]</subfield>
  </datafield>
  <datafield tag="264" ind1=" " ind2="1">
    <subfield code="a">Opladen</subfield>
    <subfield code="b">Leweke</subfield>
    <subfield code="c">[1968]</subfield>
  </datafield>
  <datafield tag="300" ind1=" " ind2=" ">
    <subfield code="a">56 S. : Ill.</subfield>
  </datafield>
  <datafield tag="700" ind1="1" ind2=" ">
    <subfield code="a">Hinrichs, Fritz</subfield>
    <subfield code="4">oth</subfield>
  </datafield>
  <datafield tag="710" ind1="2" ind2=" ">
    <subfield code="a">Sankt Sebastianus-Sch&#252;tzenbruderschaft (Reusrath)</subfield>
    <subfield code="4">oth</subfield>
  </datafield>
  <datafield tag="960" ind1="1" ind2=" ">
    <subfield code="o">retro</subfield>
  </datafield>
  <datafield tag="964" ind1="0" ind2="s">
    <subfield code="F">030</subfield>
    <subfield code="A">a|1uc||||||37</subfield>
  </datafield>
  <datafield tag="964" ind1="0" ind2="s">
    <subfield code="F">050</subfield>
    <subfield code="A">a|||||||||||||</subfield>
  </datafield>
  <datafield tag="964" ind1="0" ind2="s">
    <subfield code="F">051</subfield>
    <subfield code="A">m|||||||</subfield>
  </datafield>
  <datafield tag="035" ind1=" " ind2=" ">
    <subfield code="a">(OCoLC)1072874632</subfield>
    <subfield code="0">(uri) http://www.worldcat.org/oclc/1072874632</subfield>
  </datafield>
  <datafield tag="MBD" ind1=" " ind2=" ">
    <subfield code="M">49HBZ_NETWORK</subfield>
    <subfield code="i">990041543750206441</subfield>
    <subfield code="n">HBZ Network</subfield>
  </datafield>
  <datafield tag="MNG" ind1=" " ind2=" ">
    <subfield code="c">System</subfield>
    <subfield code="f">ILS</subfield>
    <subfield code="i">marc21</subfield>
    <subfield code="k">01</subfield>
    <subfield code="e">false</subfield>
    <subfield code="d">2021-04-07 20:26:55 Europe/Berlin</subfield>
    <subfield code="g">004154375-HBZ01</subfield>
    <subfield code="j">50</subfield>
    <subfield code="a">import</subfield>
    <subfield code="b">2021-04-05 16:41:08 Europe/Berlin</subfield>
  </datafield>
</record>